@misc{rtol,
title = {Right to left text in tkinter},
howpublished = {\url{https://stackoverflow.com/questions/20306726/right-to-left-text-in-tkinter}},
note = {(6. 1. 2022)}
}

@misc{read,
title = {Read a file line by line in Python},
howpublished = {\url{https://www.geeksforgeeks.org/read-a-file-line-by-line-in-python/}},
note = {(6. 1. 2022)}
}

@misc{error,
title = {Python eval error suppression},
howpublished = {\url{https://stackoverflow.com/questions/2140614/python-eval-error-suppression}},
note = {(12. 1. 2022)}
}